<?xml version="1.0" encoding="UTF-8"?><collection xmlns="http://www.loc.gov/MARC21/slim"><record><leader>00359nam--2200145-i-4500</leader><controlfield tag="001">000030854</controlfield><controlfield tag="002">20161230</controlfield><controlfield tag="005">20170306190022</controlfield><controlfield tag="008">060222s1000------------r-----000-0-eng-d</controlfield><datafield ind1=" " ind2=" " tag="245"><subfield code="a">Materials in space technology</subfield></datafield><datafield ind1=" " ind2=" " tag="260"><subfield code="a">London</subfield><subfield code="b">Iliffe Books Ltd</subfield><subfield code="c">1963</subfield></datafield><datafield ind1=" " ind2=" " tag="300"><subfield code="a">IX + 275 p</subfield></datafield><datafield ind1=" " ind2=" " tag="700"><subfield code="a">Gatland, K. W</subfield></datafield><datafield ind1=" " ind2=" " tag="852"><subfield code="a">19401</subfield></datafield><datafield ind1=" " ind2=" " tag="CAT"><subfield code="a">SYS</subfield><subfield code="c">20170306</subfield><subfield code="h">190022</subfield></datafield></record></collection>